<?xml version="1.0" encoding="UTF-8"?>
<collection xmlns='http://www.loc.gov/MARC21/slim'>

<record
    xmlns:xsi="http://www.w3.org/2001/XMLSchema-instance"
    xsi:schemaLocation="http://www.loc.gov/MARC21/slim http://www.loc.gov/standards/marcxml/schema/MARC21slim.xsd"
    xmlns="http://www.loc.gov/MARC21/slim">
  <leader>00000cam a22000004i 4500</leader>
  <controlfield tag="008">021122s2020    en            000 0 eng d</controlfield>
  <datafield tag="009" ind1=" " ind2=" ">
    <subfield code="a">tag too low</subfield>
  </datafield>
  <datafield tag="020" ind1=" " ind2=" ">
    <subfield code="a">978-3-16-148410-0</subfield>
  </datafield>
  <datafield tag="020" ind1=" " ind2=" ">
    <subfield code="a">9783161484100(bad)</subfield>
    <subfield code="z">ISBN 0590764845 not invalid</subfield>
  </datafield>
  <datafield tag="020" ind1=" " ind2=" ">
    <subfield code="a">9783161484101</subfield>
  </datafield>
  <datafield tag="020" ind1=" " ind2=" ">
    <subfield code="a">1234567</subfield>
  </datafield>
  <datafield tag="020" ind1=" " ind2=" ">
    <subfield code="a">bad</subfield>
  </datafield>
  <datafield tag="020" ind1=" " ind2=" ">
    <subfield code="a">0590764845</subfield>
  </datafield>
  <datafield tag="020" ind1=" " ind2=" ">
    <subfield code="a">0-590-76484-X</subfield>
  </datafield>
  <datafield tag="041" ind1=" " ind2=" ">
    <subfield code="a">eng</subfield>
  </datafield>
  <datafield tag="041" ind1=" " ind2=" ">
    <subfield code="a">enggr</subfield>
  </datafield>
  <datafield tag="041" ind1=" " ind2=" ">
    <subfield code="a">engfooajm</subfield>
  </datafield>
  <datafield tag="041" ind1=" " ind2="7">
    <subfield code="a">en</subfield>
    <subfield code="2">foo</subfield>
  </datafield>
  <datafield tag="043" ind1=" " ind2=" ">
    <subfield code="a">n-us---</subfield>
    <subfield code="a">n-FO---</subfield>
    <subfield code="a">n-us</subfield>
    <subfield code="a">t-ay---</subfield>
    <subfield code="b">foo</subfield>
  </datafield>
  <datafield tag="100" ind1="0" ind2=" ">
    <subfield code="6">880-02</subfield>
    <subfield code="a">Author, Test</subfield>
    <subfield code="a">Author, Bad Repeat and lf
    </subfield>
    <subfield code="0">(TEST)123</subfield>
  </datafield>
  <datafield tag="110" ind1="0" ind2=" ">
    <subfield code="a">Author</subfield>
  </datafield>
  <datafield tag="110" ind1="0" ind2=" ">
    <subfield code="a">Bad repeat</subfield>
  </datafield>
  <datafield tag="130" ind1=" " ind2="1">
    <subfield code="a">Bar</subfield>
  </datafield>
  <datafield tag="240" ind1="0" ind2="4">
    <subfield code="6">880-01</subfield>
    <subfield code="a">The Foo :</subfield>
    <subfield code="b">Bar.</subfield>
  </datafield>
  <datafield tag="505" ind1="8" ind2=" ">
    <subfield code="a">Screenwriting Tip #30;</subfield>
  </datafield>
  <datafield tag="650" ind1=" " ind2="4">
    <subfield code="a">Foo</subfield>
    <subfield code="g">test</subfield>
  </datafield>
  <datafield tag="650" ind1=" " ind2="4">
    <subfield code="a">Bar</subfield>
    <subfield code="g">test again</subfield>
  </datafield>
  <datafield tag="880" ind1="0" ind2="4">
    <subfield code="6">245-01/Foo</subfield>
    <subfield code="a">tHE fOO :</subfield>
    <subfield code="b">bAR.</subfield>
  </datafield>
  <datafield tag="880" ind1=" " ind2=" ">
    <subfield code="6">100-00/Foo</subfield>
    <subfield code="a">Bad repeat</subfield>
  </datafield>
  <datafield tag="880" ind1=" " ind2=" ">
    <subfield code="6">100-00/Foo</subfield>
    <subfield code="a">Bad repeat</subfield>
  </datafield>
  <datafield tag="880" ind1=" " ind2=" ">
    <subfield code="a">Missing subfield 6</subfield>
  </datafield>
</record>
</collection>
